<record xmlns="http://www.loc.gov/MARC21/slim" xmlns:xsi="http://www.w3.org/2001/XMLSchema-instance" xsi:schemaLocation="http://www.loc.gov/MARC21/slim http://www.loc.gov/standards/marcxml/schema/MARC21slim.xsd"><leader>00635cz   2200193n  4500</leader><controlfield tag="001">oca00835065 </controlfield><controlfield tag="005">20030127150614.0</controlfield><controlfield tag="008">821217n| acannaab           |a aaa      </controlfield><datafield ind1=" " ind2=" " tag="010"><subfield code="a">n  82138923 </subfield></datafield><datafield ind1=" " ind2=" " tag="040"><subfield code="a">DLC</subfield><subfield code="c">DLC</subfield><subfield code="d">Uk</subfield><subfield code="d">DLC</subfield></datafield><datafield ind1="0" ind2=" " tag="100"><subfield code="a">Aratus,</subfield><subfield code="c">Solensis</subfield></datafield><datafield ind1="0" ind2=" " tag="400"><subfield code="a">Aratus Solensis</subfield><subfield code="w">nnaa</subfield></datafield><datafield ind1="0" ind2=" " tag="400"><subfield code="a">Aratos,</subfield><subfield code="c">von Soloi</subfield></datafield><datafield ind1="0" ind2=" " tag="400"><subfield code="a">Aratus,</subfield><subfield code="c">of Soloi</subfield></datafield><datafield ind1="0" ind2=" " tag="400"><subfield code="a">Arato,</subfield><subfield code="c">di Soli</subfield></datafield><datafield ind1="0" ind2=" " tag="400"><subfield code="a">Aratos,</subfield><subfield code="c">z Soloj</subfield></datafield><datafield ind1=" " ind2=" " tag="670"><subfield code="a">His Sky signs, 1983:</subfield><subfield code="b">t.p. (Aratus) frwd. (Aratus of Soloi)</subfield></datafield><datafield ind1=" " ind2=" " tag="670"><subfield code="a">Il volo di Dike, 1996:</subfield><subfield code="b">t.p. (Arato) p. 1, etc. (Arato, di Soli)</subfield></datafield><datafield ind1=" " ind2=" " tag="670"><subfield code="a">KroÌ&#x81;l i poeta, czyli, O Fajnomenach Aratosa z Soloj, 1998.</subfield></datafield></record>